@MastersThesis{schmiddie,
	Type 					= "{D}oktorarbeit",
	Author					= "R. Schmidt",
	Title					= "Ultraschnelle Dynamik und Manipulation von Exzitonen in atomar dünnen Halbleitern",
	School					= "Westf{\"a}lische Wilhelms-Universit{\"a}t M{\"u}nster",
	Year 					= "2016"
}
@book{anleitung,
  author = {Physikalisches Institut},
  title = {Magneto-Optischer Kerr-Effekt - Einführung},
  address = {WWU Münster}
}
@online{mouse-brain-map,
	title = {Allen Brain Atlas},
	autor = {Allen Institute},
	url = {http://mouse.brain-map.org/experiment/thumbnails/100142143?image_type=atlas},
	urldate = {2020-10-02}
}
@online{wiki_wse_bild,
	title = {Molybdenite-3D-balls},
	autor = {Ben Mills},
	url = {https://en.wikipedia.org/wiki/Tungsten_diselenide#/media/File:Molybdenite-3D-balls.png},
	urldate = {2020-03-13}
}
@online{wiki_ipe,
	title = {Inverse photoemission spectroscopy},
	autor = {Wikipedia},
	url = {https://en.wikipedia.org/wiki/Inverse_photoemission_spectroscopy},
	urldate = {2020-08-30}
}
@online{wiki_leed,
	title = {Low-Energy Electron Diffraction},
	autor = {Wikipedia},
	url = {https://de.wikipedia.org/wiki/Low-Energy_Electron_Diffraction},
	urldate = {2020-08-30}
}
@online{tise_pe,
	title = {Orbital- and $k_z$-Selective Hybridization of Se 4$p$ and Ti 3$d$ States in the Charge Density Wave Phase of TiSe$_2$},
	autor = {Matthew D. Watson, Oliver J. Clark, Federico Mazzola, Igor Marković, Veronika Sunko, Timur K. Kim, Kai Rossnagel, and Philip D. C. King},
	url = {https://journals.aps.org/prl/abstract/10.1103/PhysRevLett.122.076404},
	urldate = {2020-08-30}
}
