@MastersThesis{schmiddie,
	Type 					= "{D}oktorarbeit",
	Author					= "R. Schmidt",
	Title					= "Ultraschnelle Dynamik und Manipulation von Exzitonen in atomar d√ºnnen Halbleitern",
	School					= "Westf{\"a}lische Wilhelms-Universit{\"a}t M{\"u}nster",
	Year 					= "2016"
}
@book{springer-handbook,
  author = {P Hawkes and J Spence (Eds.)},
  title = {Springer Handbook of Microscopy},
	year      = {2019},
	publisher = {Springer Nature Switzerland AG},
  address = {Cham}
}
@online{MyScope,
	title = {MyScope Microscopy Trainig},
	autor = {Microscopy Australia},
	url = {https://myscope.training/#/SEMlevel_2_20},
	urldate = {2020-10-16}
}

@online{bitesize,
	title = {Cryofixation and Chemical Fixation for Electron Microscopy },
	autor = {Louise Hughes},
	url = {https://bitesizebio.com/43315/cryofixation-and-chemical-fixation-for-electron-microscopy/},
	urldate = {2020-10-22}
}
